

@article{miller1995wordnet,
  title={WordNet: a lexical database for English},
  author={Miller, George A},
  journal={Communications of the ACM},
  volume={38},
  number={11},
  pages={39--41},
  year={1995},
  publisher={ACM New York, NY, USA}
}


@article{mikolov2013efficient,
  title={Efficient estimation of word representations in vector space},
  author={Mikolov, Tomas and Chen, Kai and Corrado, Greg and Dean, Jeffrey},
  journal={arXiv preprint arXiv:1301.3781},
  year={2013}
}

@inproceedings{pennington2014glove,
  title={Glove: Global vectors for word representation},
  author={Pennington, Jeffrey and Socher, Richard and Manning, Christopher D},
  booktitle={Proceedings of the 2014 conference on empirical methods in natural language processing (EMNLP)},
  pages={1532--1543},
  year={2014}
}


@article{faruqui2014retrofitting,
  title={Retrofitting word vectors to semantic lexicons},
  author={Faruqui, Manaal and Dodge, Jesse and Jauhar, Sujay K and Dyer, Chris and Hovy, Eduard and Smith, Noah A},
  journal={arXiv preprint arXiv:1411.4166},
  year={2014}
}

@article{mrkvsic2016counter,
  title={Counter-fitting word vectors to linguistic constraints},
  author={Mrk{\v{s}}i{\'c}, Nikola and S{\'e}aghdha, Diarmuid O and Thomson, Blaise and Ga{\v{s}}i{\'c}, Milica and Rojas-Barahona, Lina and Su, Pei-Hao and Vandyke, David and Wen, Tsung-Hsien and Young, Steve},
  journal={arXiv preprint arXiv:1603.00892},
  year={2016}
}


@article{lengerich2017retrofitting,
  title={Retrofitting distributional embeddings to knowledge graphs with functional relations},
  author={Lengerich, Benjamin J and Maas, Andrew L and Potts, Christopher},
  journal={arXiv preprint arXiv:1708.00112},
  year={2017}
}


@article{dingwall2018mittens,
  title={Mittens: an extension of glove for learning domain-specialized representations},
  author={Dingwall, Nicholas and Potts, Christopher},
  journal={arXiv preprint arXiv:1803.09901},
  year={2018}
}


@inproceedings{grbovic2015commerce,
  title={E-commerce in your inbox: Product recommendations at scale},
  author={Grbovic, Mihajlo and Radosavljevic, Vladan and Djuric, Nemanja and Bhamidipati, Narayan and Savla, Jaikit and Bhagwan, Varun and Sharp, Doug},
  booktitle={Proceedings of the 21th ACM SIGKDD international conference on knowledge discovery and data mining},
  pages={1809--1818},
  year={2015}
}